<?xml version="1.0" encoding="UTF-8"?><collection xmlns="http://www.loc.gov/MARC21/slim"><record><leader>00458nam--2200133-i-4500</leader><controlfield tag="001">000008876</controlfield><controlfield tag="002">20161230</controlfield><controlfield tag="005">20161230201028</controlfield><controlfield tag="008">060222s1000------------r-----000-0-eng-d</controlfield><datafield ind1=" " ind2=" " tag="100"><subfield code="a">Bugarel, R., Gagnaire, D.Et Jaulmes, P</subfield></datafield><datafield ind1=" " ind2=" " tag="245"><subfield code="a">Extraction et purification des espaces chimiqu es</subfield></datafield><datafield ind1=" " ind2=" " tag="260"><subfield code="a">Paris, Masson Et C-ie, 1969. Vi + 560 P</subfield></datafield><datafield ind1=" " ind2=" " tag="490"><subfield code="a">Collection De  Monographies De Chimie Organiqu E , Complements Au  Traite De Chimie Organique</subfield></datafield><datafield ind1=" " ind2=" " tag="852"><subfield code="a">30634</subfield></datafield></record></collection>